@INPROCEEDINGS{7487265, 
author={L. Bose and A. Richards}, 
booktitle={2016 IEEE International Conference on Robotics and Automation (ICRA)}, 
title={Fast depth edge detection and edge based RGB-D SLAM}, 
year={2016}, 
volume={}, 
number={}, 
pages={1323-1330}, 
month={May},}